<?xml version="1.0" encoding="UTF-8"?>
<collection xmlns:xsi="http://www.w3.org/2001/XMLSchema-instance" xsi:schemaLocation="http://www.loc.gov/MARC21/slim http://www.loc.gov/standards/marcxml/schema/MARC21slim.xsd" xmlns="http://www.loc.gov/MARC21/slim">
<record>
  <leader>01167cam a22002891  4500</leader>
  <controlfield tag="001">2965801</controlfield>
  <controlfield tag="003">NNC</controlfield>
  <controlfield tag="005">20130520200045.0</controlfield>
  <controlfield tag="008">890320s1954    ua            000 0 ara d</controlfield>
  <datafield tag="035" ind1=" " ind2=" ">
    <subfield code="a">(OCoLC)ocm19402647</subfield>
  </datafield>
  <datafield tag="035" ind1=" " ind2=" ">
    <subfield code="9">ASL1188CU</subfield>
  </datafield>
  <datafield tag="035" ind1=" " ind2=" ">
    <subfield code="a">(NNC)2965801</subfield>
  </datafield>
  <datafield tag="035" ind1=" " ind2=" ">
    <subfield code="a">2965801</subfield>
  </datafield>
  <datafield tag="040" ind1=" " ind2=" ">
    <subfield code="a">TOK</subfield>
    <subfield code="c">TOK</subfield>
    <subfield code="d">ZCU</subfield>
  </datafield>
  <datafield tag="090" ind1=" " ind2=" ">
    <subfield code="a">BP189</subfield>
    <subfield code="b">.A6614 1954</subfield>
  </datafield>
  <datafield tag="100" ind1="1" ind2=" ">
    <subfield code="a">Iskandarī, ʻAbd al-Muʻṭī ibn Maḥmūd,</subfield>
    <subfield code="d">1167 or 1168-1240 or 1241.</subfield>
  </datafield>
  <datafield tag="240" ind1="1" ind2="0">
    <subfield code="a">Sharḥ Manāzil al-sāʼirīn</subfield>
  </datafield>
  <datafield tag="245" ind1="0" ind2="0">
    <subfield code="a">Comentaire du livre des étapes (composé au début du VIIe/XIIIe siècle)</subfield>
    <subfield code="c">[Par] ʻAbd al-Muʻṭi al-Laḥmi al-Iskandarī. Ēditē avec une introduction par S. de Laugier de Beaurecueil.</subfield>
  </datafield>
  <datafield tag="260" ind1=" " ind2=" ">
    <subfield code="a">Le Caire,</subfield>
    <subfield code="b">Impr. de l'IFAO,</subfield>
    <subfield code="c">1954.</subfield>
  </datafield>
  <datafield tag="300" ind1=" " ind2=" ">
    <subfield code="a">37, 230 p.</subfield>
    <subfield code="c">26 cm.</subfield>
  </datafield>
  <datafield tag="490" ind1="1" ind2=" ">
    <subfield code="a">Textes et traductions d'auteurs orientaux ;</subfield>
    <subfield code="v">T. 18</subfield>
  </datafield>
  <datafield tag="490" ind1="1" ind2=" ">
    <subfield code="a">Anṣārīyāt. Série 1 ;</subfield>
    <subfield code="v">T. 2</subfield>
  </datafield>
  <datafield tag="500" ind1=" " ind2=" ">
    <subfield code="a">Text in Arabic.</subfield>
  </datafield>
  <datafield tag="500" ind1=" " ind2=" ">
    <subfield code="a">L'Institut Français d'Archéologie Orientale du Caire, publications, T. 15-18.</subfield>
  </datafield>
  <datafield tag="830" ind1=" " ind2="0">
    <subfield code="a">Textes et traductions d'auteurs orientaux ;</subfield>
    <subfield code="v">T. 18.</subfield>
  </datafield>
  <datafield tag="830" ind1=" " ind2="0">
    <subfield code="a">Anṣārīyāt.</subfield>
    <subfield code="n">Série 1 ;</subfield>
    <subfield code="v">T. 2.</subfield>
  </datafield>
  <datafield tag="955" ind1=" " ind2=" ">
    <subfield code="b">CU55361200</subfield>
    <subfield code="d">off,glx</subfield>
    <subfield code="e">BP189 .A6614 1954</subfield>
  </datafield>
</record>
</collection>